<?xml version="1.0" encoding="UTF-8"?><collection xmlns="http://www.loc.gov/MARC21/slim"><record><leader>00335nam--2200133-i-4500</leader><controlfield tag="001">000032642</controlfield><controlfield tag="002">20161230</controlfield><controlfield tag="005">20161230201039</controlfield><controlfield tag="008">060222s1000------------r-----000-0-eng-d</controlfield><datafield ind1=" " ind2=" " tag="080"><subfield code="a">543.51</subfield></datafield><datafield ind1=" " ind2=" " tag="245"><subfield code="a">Modern aspects of mass spectrometry</subfield></datafield><datafield ind1=" " ind2=" " tag="260"><subfield code="a">New York, Plenum Press, 1968, Xii + 389p</subfield></datafield><datafield ind1=" " ind2=" " tag="700"><subfield code="a">Reed, Rowland I</subfield></datafield><datafield ind1=" " ind2=" " tag="852"><subfield code="a">36037</subfield></datafield></record></collection>